@inproceedings{10.1145/3120895.3120903,
    title = {{A Porting and Optimization of Search for Neighbour-Particle in MPS Method for GPU by Using OpenACC}},
    year = {2017},
    booktitle = {Proceedings of the 8th International Symposium on Highly Efficient Accelerators and Reconfigurable Technologies},
    author = {Miyajima, Takaaki and Kubota, Kenichi and Fujita, Naoyuki},
    series = {HEART2017},
    publisher = {Association for Computing Machinery},
    url = {https://doi.org/10.1145/3120895.3120903},
    address = {New York, NY, USA},
    isbn = {9781450353168},
    doi = {10.1145/3120895.3120903},
    keywords = {GPU, MPS, Moving Particle Semi-implicit, OpenACC, Performance optimization}
}

@misc{tool:Overleaf,
    title = {{About us - Overleaf, Online LaTeX Editor}},
    year = {2020},
    publisher = {Overleaf},
    url = {https://www.overleaf.com/about}
}

@misc{tool:OpenGLComputeShaderExt,
    title = {{ARB{\_}compute{\_}shader}},
    author = {Sellers, Graham and Brown, Pat and Koch, Daniel and Kessenich, John and of the ARB working group, Members},
    url = {https://www.khronos.org/registry/OpenGL/extensions/ARB/ARB_compute_shader.txt},
    institution = {The Knronos Group Inc}
}

@misc{video:AutodeskFlowDesign,
    title = {{Autodesk Flow Design - A Virtual Wind Tunnel On Your Desktop}},
    year = {2014},
    url = {https://www.youtube.com/watch?v=2RBOtd-Z8O8},
    institution = {Autodesk}
}

@inproceedings{10.1145/3110355.3110356,
    title = {{Benchmarking OpenCL, OpenACC, OpenMP, and CUDA: Programming Productivity, Performance, and Energy Consumption}},
    year = {2017},
    booktitle = {Proceedings of the 2017 Workshop on Adaptive Resource Management and Scheduling for Cloud Computing},
    author = {Memeti, Suejb and Li, Lu and Pllana, Sabri and Ko{\textbackslash}lodziej, Joanna and Kessler, Christoph},
    pages = {1–6},
    series = {ARMS-CC '17},
    publisher = {Association for Computing Machinery},
    url = {https://doi.org/10.1145/3110355.3110356},
    address = {New York, NY, USA},
    isbn = {9781450351164},
    doi = {10.1145/3110355.3110356},
    keywords = {CUDA, OpenACC, OpenCL, OpenMP, energy consumption, performance, programming productivity}
}

@misc{tool:GccCxxStatus,
    title = {{C++ Standards Support in GCC}},
    year = {2020},
    publisher = {GNU Project},
    url = {https://gcc.gnu.org/projects/cxx-status.html}
}

@misc{tool:CLion,
    title = {{CLion: A Cross Platform IDE for C and C++}},
    year = {2020},
    publisher = {Jetbrains},
    url = {https://www.jetbrains.com/clion/}
}

@misc{tool:GoogleDrive,
    title = {{Cloud Storage for Work and Home - Google Drive}},
    year = {2020},
    publisher = {Google LLC},
    url = {https://www.google.com/intl/en_in/drive/}
}

@misc{tool:Cmake,
    title = {{CMake}},
    year = {2020},
    publisher = {Kitware Inc.},
    url = {https://cmake.org/}
}

@misc{ethics:BCSCodeOfConduct,
    title = {{CODE OF CONDUCT FOR BCS MEMBERS}},
    year = {2015},
    publisher = {British Computing Society},
    url = {http://www.bcs.org/upload/pdf/conduct.pdf}
}

@misc{modules:CS257Coursework,
    title = {{CS257 Advanced Computer Architecture Coursework}},
    year = {2020},
    author = {Chester, Adam and Martin, Graham}
}

@misc{modules:CS261,
    title = {{CS261 Software Engineering}},
    year = {2020},
    author = {Archbold, James}
}

@misc{tool:CUDA,
    title = {{CUDA Zone | NVIDIA Developer}},
    year = {2020},
    author = {{NVIDIA}},
    publisher = {Nvidia Corporation},
    url = {https://developer.nvidia.com/cuda-zone}
}

@inproceedings{10.1145/3219104.3229260,
    title = {{CUDA-Accelerated Simulation of Brownian Dynamics}},
    year = {2018},
    booktitle = {Proceedings of the Practice and Experience on Advanced Research Computing},
    author = {Dice, Kevin and Gray, Cortez and Walker, George and Baldwin, Cody and Andresen, Daniel},
    series = {PEARC '18},
    publisher = {Association for Computing Machinery},
    url = {https://doi.org/10.1145/3219104.3229260},
    address = {New York, NY, USA},
    isbn = {9781450364461},
    doi = {10.1145/3219104.3229260},
    keywords = {Brownian Dynamics, CUDA, Molecular Simulation}
}

@misc{ethics:DataProtection2018,
    title = {{Data Protection Act 2018, c. 12}},
    year = {2018},
    url = {http://www.legislation.gov.uk/ukpga/2018/12/contents/enacted}
}

@inproceedings{10.1145/3404397.3404426,
    title = {{Detailed Analysis and Optimization of CUDA K-Means Algorithm}},
    year = {2020},
    booktitle = {49th International Conference on Parallel Processing - ICPP},
    author = {Kruli{\v{s}}, Martin and Kratochv{\'{i}}l, Miroslav},
    series = {ICPP '20},
    publisher = {Association for Computing Machinery},
    url = {https://doi.org/10.1145/3404397.3404426},
    address = {New York, NY, USA},
    isbn = {9781450388160},
    doi = {10.1145/3404397.3404426},
    keywords = {clustering, cuda, k-means, performance optimization}
}

@unpublished{tool:DirectComputePresentation,
    title = {{Direct Compute - Bring GPU Compute to the Mainstream}},
    year = {2009},
    author = {Ni, Tianyun},
    institution = {Nvidia Corporation}
}

@inproceedings{10.1145/3167918.3167929,
    title = {{Efficient Hierarchical Clustering for Single-Dimensional Data Using CUDA}},
    year = {2018},
    booktitle = {Proceedings of the Australasian Computer Science Week Multiconference},
    author = {Rehn, Adam and Possemiers, Aidan and Holdsworth, Jason},
    series = {ACSW '18},
    publisher = {Association for Computing Machinery},
    url = {https://doi.org/10.1145/3167918.3167929},
    address = {New York, NY, USA},
    isbn = {9781450354363},
    doi = {10.1145/3167918.3167929},
    keywords = {GPU acceleration, agglomerative clustering, parallel}
}

@misc{ethics:WarwickConsent,
    title = {{Ethical Consent for Undergraduate Projects}},
    year = {2020},
    publisher = {University of Warwick},
    url = {https://warwick.ac.uk/fac/sci/dcs/teaching/material/cs310/ethics}
}

@inproceedings{BOIDS_10.1145/37401.37406,
    title = {{Flocks, herds, and schools: A distributed behavioral model}},
    year = {1987},
    booktitle = {Proceedings of the 14th Annual Conference on Computer Graphics and Interactive Techniques, SIGGRAPH 1987},
    author = {Reynolds, Craig W.},
    month = {8},
    pages = {25--34},
    publisher = {Association for Computing Machinery, Inc},
    url = {http://portal.acm.org/citation.cfm?doid=37401.37406},
    address = {New York, New York, USA},
    isbn = {0897912276},
    doi = {10.1145/37401.37406},
    keywords = {Actor, Aggregate motion, Behavioral animation, Bird, Constraints, Fish, Flight, Flock, Herd, Particle system, Path planning, School}
}

@article{article:FluidDynamicsOnBigScreen,
    title = {{Fluid Dynamics on the Big Screen}},
    year = {2008},
    journal = {ANSYS Advantage},
    number = {2},
    pages = {52--53},
    volume = {II},
    url = {https://www.ansys.com/-/media/ansys/corporate/resourcelibrary/article/aa-v2-i2-fluid-dynamics-on-big-screen.pdf}
}

@misc{tool:Gcc9,
    title = {{GCC 9 Release Series}},
    year = {2020},
    author = {{GNU Project}},
    publisher = {},
    url = {https://gcc.gnu.org/gcc-9/}
}

@misc{tool:Git,
    title = {{Git}},
    year = {2020},
    url = {https://git-scm.com/}
}

@misc{tool:GitHub,
    title = {{GitHub - About}},
    year = {2020},
    publisher = {Microsoft Corporation},
    url = {https://github.com/about}
}

@misc{tool:Emacs,
    title = {{GNU Emacs}},
    year = {2020},
    author = {{GNU Project}},
    publisher = {},
    url = {https://www.gnu.org/software/emacs/}
}

@inproceedings{paper:2004CfdGPU:10.1109/SC.2004.26,
    title = {{GPU Cluster for High Performance Computing}},
    year = {2004},
    booktitle = {Proceedings of the 2004 ACM/IEEE Conference on Supercomputing},
    author = {Fan, Zhe and Qiu, Feng and Kaufman, Arie and Yoakum-Stover, Suzanne},
    pages = {47},
    series = {SC '04},
    publisher = {IEEE Computer Society},
    url = {https://doi.org/10.1109/SC.2004.26},
    address = {USA},
    isbn = {0769521533},
    doi = {10.1109/SC.2004.26},
    keywords = {GPU cluster, computational fluid dynamics, data intensive computing, lattice Boltzmann model, urban airborne dispersion}
}

@inproceedings{paper:2002vis:10.5555/509740.509745,
    title = {{Interactive Visualization and Steering of CFD Simulations}},
    year = {2002},
    booktitle = {Proceedings of the Symposium on Data Visualisation 2002},
    author = {Kreylos, O and Tesdall, A M and Hamann, B and Hunter, J K and Joy, K I},
    pages = {25–34},
    series = {VISSYM '02},
    publisher = {Eurographics Association},
    address = {Goslar, DEU},
    isbn = {158113536X}
}

@misc{tool:Latex,
    title = {{LaTeX - A document preparation system}},
    year = {2020},
    publisher = {The LaTeX Project},
    url = {https://www.latex-project.org/}
}

@misc{ethics:WarwickLibraryFluidSimBook,
    title = {{Library Search}},
    year = {2020},
    publisher = {University of Warwick Library},
    url = {http://encore.lib.warwick.ac.uk/iii/encore/record/C__Rb1204273}
}

@misc{tool:MicrosoftTeams,
    title = {{Microsoft Teams | Group Chat, Team Chat {\&} Collaboration}},
    year = {2020},
    publisher = {Microsoft Corporation},
    url = {https://www.microsoft.com/en-gb/microsoft-365/microsoft-teams/group-chat-software}
}

@book{book:griebel1998numerical,
    title = {{Numerical simulation in fluid dynamics: a practical introduction}},
    year = {1998},
    author = {Griebel, Michael and Dornseifer, Thomas and Neunhoeffer, Tilman},
    publisher = {SIAM}
}

@misc{tool:CUDAProgrammingV1,
    title = {{NVIDIA CUDA Programming Guide}},
    year = {2007},
    author = {{NVIDIA}},
    edition = {Version 1.},
    institution = {Nvidia Corporation}
}

@techreport{CUDAParallelReduction,
    title = {{Optimizing Parallel Reduction in CUDA}},
    author = {Harris, Mark},
    url = {https://developer.download.nvidia.com/assets/cuda/files/reduction.pdf}
}

@inproceedings{10.1145/3234664.3234681,
    title = {{Performance Comparison of CUDA and OpenACC Based on Optimizations}},
    year = {2018},
    booktitle = {Proceedings of the 2018 2nd High Performance Computing and Cluster Technologies Conference},
    author = {Li, Xuechao and Shih, Po-Chou},
    pages = {53–57},
    series = {HPCCT 2018},
    publisher = {Association for Computing Machinery},
    url = {https://doi.org/10.1145/3234664.3234681},
    address = {New York, NY, USA},
    isbn = {9781450364850},
    doi = {10.1145/3234664.3234681},
    keywords = {CUDA, OpenACC, Parallel Optimization, Performance comparison}
}

@unpublished{presentation:RealtimeFluidSimTombRaider,
    title = {{Real-Time Fluid Simulation in Shadow of the Tomb Raider}},
    year = {2018},
    author = {Sikachev, Peter}
}

@phdthesis{paper:GameFluidSummary:medveckyreal,
    title = {{Real-time Water Simulation in Game Environment}},
    year = {2018},
    author = {{Medveck{\'{y}}-Heretik Jakub}},
    school = {Masaryk University, Faculty of Informatics}
}

@article{paper:GPGPUSummary:10.1007/s11227-013-1015-7,
    title = {{Recent Progress and Challenges in Exploiting Graphics Processors in Computational Fluid Dynamics}},
    year = {2014},
    journal = {J. Supercomput.},
    author = {Niemeyer, Kyle E and Sung, Chih-Jen},
    number = {2},
    month = {2},
    pages = {528–564},
    volume = {67},
    publisher = {Kluwer Academic Publishers},
    url = {https://doi.org/10.1007/s11227-013-1015-7},
    address = {USA},
    doi = {10.1007/s11227-013-1015-7},
    issn = {0920-8542},
    keywords = {CUDA, Computational fluid dynamics (CFD), Graphics processing unit (GPU), Laminar flows, Reactive flow, Turbulent flow}
}

@inproceedings{10.1145/3057039.3057059,
    title = {{Reversible Logic Synthesis Method Based on Genetic Algorithm and Its CUDA Parallel Implementation}},
    year = {2017},
    booktitle = {Proceedings of the 9th International Conference on Computer and Automation Engineering},
    author = {Zhao, Shuguang and Wang, Chaozheng and Wang, Zidan},
    pages = {169–173},
    series = {ICCAE '17},
    publisher = {Association for Computing Machinery},
    url = {https://doi.org/10.1145/3057039.3057059},
    address = {New York, NY, USA},
    isbn = {9781450348096},
    doi = {10.1145/3057039.3057059},
    keywords = {CUDA, GPU parallel computing, Genetic algorithm, Reversible logic circuits, Reversible logic gates, Synthesis}
}

@inproceedings{paper:StableFluids:10.1145/311535.311548,
    title = {{Stable Fluids}},
    year = {1999},
    booktitle = {Proceedings of the 26th Annual Conference on Computer Graphics and Interactive Techniques},
    author = {Stam, Jos},
    pages = {121–128},
    series = {SIGGRAPH '99},
    publisher = {ACM Press/Addison-Wesley Publishing Co.},
    url = {https://doi.org/10.1145/311535.311548},
    address = {USA},
    isbn = {0201485605},
    doi = {10.1145/311535.311548},
    keywords = {Navier-Stokes, advected textures, animation of fluids, gaseous phenomena, implicit elliptic PDE solvers, interactive modeling, stable solvers}
}

@misc{tool:OpenCL1.0PressRelease,
    title = {{The Khronos Group Releases OpenCL 1.0 Specification}},
    year = {2008},
    author = {{The Khronos Group}},
    url = {https://www.khronos.org/news/press/the_khronos_group_releases_opencl_1.0_specification},
    institution = {The Khronos Group Inc}
}

@inproceedings{paper:1995CfdOpt:1383209,
    title = {{The Synergetic Effect of Compiler, Architecture, and Manual Optimizations on the Performance of CFD on Multiprocessors}},
    year = {1995},
    booktitle = {ACM/IEEE Conference on Supercomputing},
    author = {Kuba, M and Polychronopoulos, C D and Gallivan, K},
    pages = {72}
}

@inproceedings{10.1145/3238147.3241533,
    title = {{Towards Automatic Restrictification of CUDA Kernel Arguments}},
    year = {2018},
    booktitle = {Proceedings of the 33rd ACM/IEEE International Conference on Automated Software Engineering},
    author = {Diarra, Rokiatou},
    pages = {928–931},
    series = {ASE 2018},
    publisher = {Association for Computing Machinery},
    url = {https://doi.org/10.1145/3238147.3241533},
    address = {New York, NY, USA},
    isbn = {9781450359375},
    doi = {10.1145/3238147.3241533},
    keywords = {CUDA, GPU, aliasing, compilers, program optimization, restrict}
}

@misc{tool:Trello,
    title = {{Trello}},
    year = {2020},
    publisher = {Atlassian Corporation},
    url = {https://trello.com/}
}

@misc{tool:Vulkan,
    title = {{Vulkan Overview}},
    year = {2020},
    url = {https://www.khronos.org/vulkan/},
    institution = {The Khronos Group Inc}
}

@misc{tool:CmakeCUDAFirstClass,
    title = {{[CMake] [ANNOUNCE] CMake 3.8.0 available for download}},
    year = {2017},
    author = {Maynard, Robert},
    url = {https://cmake.org/pipermail/cmake/2017-April/065294.html}
}

@misc{attractivechaos2018AC/C++,
    title = {{A survey of argument parsing libraries in C/C++}},
    year = {2018},
    author = {{attractivechaos}},
    month = {8},
    url = {https://attractivechaos.wordpress.com/2018/08/31/a-survey-of-argument-parsing-libraries-in-c-c/}
}

@misc{GNUProjectArgpLibrary,
    title = {{Argp (The GNU C Library)}},
    author = {{GNU Project}},
    publisher = {},
    url = {https://www.gnu.org/software/libc/manual/html_node/Argp.html}
}

@misc{CLIUtilsCLI11,
    title = {{CLI11}},
    author = {{CLIUtils}},
    url = {https://github.com/CLIUtils/CLI11}
}

@misc{AtomicHeritageFoundationComputingProject,
    title = {{Computing and the Manhattan Project}},
    author = {{Atomic Heritage Foundation}},
    url = {https://www.atomicheritage.org/history/computing-and-manhattan-project},
    keywords = {Atomic Heritage Foundation}
}

@misc{jarro2783Cxxopts:Parser,
    title = {{cxxopts: Lightweight C++ command line option parser}},
    author = {{jarro2783}},
    url = {https://github.com/jarro2783/cxxopts}
}

@misc{CornutDearImGui,
    title = {{Dear ImGui}},
    author = {Cornut, Omar},
    url = {https://github.com/ocornut/imgui}
}

@misc{NASADefinitionStreamlines,
    title = {{Definition of Streamlines}},
    author = {{NASA}},
    url = {https://www.grc.nasa.gov/WWW/k-12/airplane/stream.html},
    keywords = {NASA}
}

@misc{UniversityofWarwickEthicalConsent,
    title = {{Ethical Consent}},
    author = {{University of Warwick}},
    url = {https://warwick.ac.uk/fac/sci/dcs/teaching/ethics}
}

@incollection{NVIDIAExternalInteroperability,
    title = {{External Resource Interoperability}},
    booktitle = {CUDA Toolkit Documentation},
    author = {{NVIDIA}},
    volume = {11},
    url = {https://docs.nvidia.com/cuda/cuda-runtime-api/group__CUDART__EXTRES__INTEROP.html}
}

@misc{FreeSoftwareFoundationGetopt3:Page,
    title = {{getopt(3): Parse options - Linux man page}},
    author = {{Free Software Foundation}},
    url = {https://linux.die.net/man/3/getopt}
}

@misc{NVIDIAGlobalGuide,
    title = {{Global Memory - CUDA C++ Programming Guide}},
    author = {{NVIDIA}},
    volume = {},
    url = {https://docs.nvidia.com/cuda/cuda-c-programming-guide/index.html#global-memory-3-0},
    keywords = {CUDA C++, CUDA C++ language extensions, CUDA C++ mathematical functions, CUDA C++ performance guidelines, CUDA C++ programming interface, CUDA C++ programming model}
}

@misc{VajzovicGoptLibrary,
    title = {{Gopt - Free command line option and argument parsing C library}},
    author = {Vajzovic, Tom},
    url = {http://www.purposeful.co.uk/software/gopt/}
}

@misc{OpenMPHomeOpenMP,
    title = {{Home - OpenMP}},
    author = {{OpenMP}},
    url = {https://www.openmp.org/}
}

@misc{NVIDIAHowBlog,
    title = {{How to Access Global Memory Efficiently in CUDA C/C++ Kernels | NVIDIA Developer Blog}},
    author = {{NVIDIA}},
    url = {https://developer.nvidia.com/blog/how-access-global-memory-efficiently-cuda-c-kernels/},
    keywords = {NVIDIA}
}

@misc{IntelCorporationIntroductionExtensions,
    title = {{Introduction to Intel{\textregistered} Advanced Vector Extensions}},
    author = {{Intel Corporation}},
    url = {https://software.intel.com/content/www/us/en/develop/articles/introduction-to-intel-advanced-vector-extensions.html},
    keywords = {Intel}
}

@article{Harlow1965NumericalSurface,
    title = {{Numerical Calculation of Time-Dependent Viscous Incompressible Flow of Fluid with Free Surface}},
    year = {1965},
    journal = {Physics of Fluids},
    author = {Harlow, Francis H. and Welch, J. Eddie},
    number = {12},
    pages = {2182},
    volume = {8},
    url = {https://aip.scitation.org/doi/10.1063/1.1761178},
    doi = {10.1063/1.1761178},
    issn = {00319171}
}

@misc{TheKhronosGroupOpenCLInc,
    title = {{OpenCL Overview - The Khronos Group Inc}},
    author = {{The Khronos Group}},
    url = {https://www.khronos.org/opencl/}
}

@misc{GoogleLLCShaderc,
    title = {{shaderc}},
    author = {{Google LLC}},
    url = {https://github.com/google/shaderc/tree/main/glslc}
}

@misc{SimpleHomepage,
    title = {{Simple DirectMedia Layer - Homepage}},
    url = {https://www.libsdl.org/}
}

@incollection{Muller2010TheInstruction,
    title = {{The Fused Multiply-Add Instruction}},
    year = {2010},
    booktitle = {Handbook of Floating-Point Arithmetic},
    author = {Muller, Jean-Michel and Brisebarre, Nicolas and de Dinechin, Florent and Jeannerod, Claude-Pierre and Lef{\`{e}}vre, Vincent and Melquiond, Guillaume and Revol, Nathalie and Stehl{\'{e}}, Damien and Torres, Serge and Muller, Jean-Michel and Brisebarre, Nicolas and de Dinechin, Florent and Jeannerod, Claude-Pierre and Lef{\`{e}}vre, Vincent and Melquiond, Guillaume and Revol, Nathalie and Stehl{\'{e}}, Damien and Torres, Serge},
    pages = {151--179},
    publisher = {Birkh{\"{a}}user Boston},
    url = {https://link.springer.com/chapter/10.1007/978-0-8176-4705-6_5},
    doi = {10.1007/978-0-8176-4705-6{\_}5}
}

@misc{Harris2017UnifiedBlog,
    title = {{Unified Memory for CUDA Beginners | NVIDIA Developer Blog}},
    year = {2017},
    author = {Harris, Mark and {NVIDIA}},
    month = {6},
    url = {https://developer.nvidia.com/blog/unified-memory-cuda-beginners/}
}

@article{IEEE2018UtilityConventions,
    title = {{Utility Conventions}},
    year = {2018},
    journal = {The Open Group Base Specifications},
    author = {{IEEE} and {The Open Group}},
    number = {7},
    volume = {1},
    url = {https://pubs.opengroup.org/onlinepubs/9699919799/basedefs/V1_chap12.html},
    keywords = {IEEE, POSIX}
}

@techreport{TheKhronosGroupVulkanGuide,
    title = {{Vulkan 1.1 Reference Guide}},
    author = {{The Khronos Group}},
    url = {www.khronos.org/vulkan}
}