@report{kress2017situ,
    title={In Situ Visualization Techniques for High Performance Computing},
      author={Kress, James},
      year={2017},
      urldate={2021-03-06},
      url={www.cs.uoregon.edu/Reports/AREA-201703-Kress.pdf}
}

@ARTICLE{efficientStreamConstruction,

  author={ {Shyh-Kuang Ueng} and C. {Sikorski} and  {Kwan-Liu Ma}},

  journal={IEEE Transactions on Visualization and Computer Graphics}, 

  title={Efficient streamline, streamribbon, and streamtube constructions on unstructured grids}, 

  year={1996},

  volume={2},

  number={2},

  pages={100-110},

  doi={10.1109/2945.506222}
 }

@ARTICLE{vizRole2004,  author={K. {Gaither}},  journal={IEEE Computer Graphics and Applications},   title={Visualization's role in analyzing computational fluid dynamics data},   year={2004},  volume={24},  number={3},  pages={13-15},  doi={10.1109/MCG.2004.1297005}}

@techreport{nvidiaAmpereWhitepaper,
    title = {NVIDIA AMPERE GA102 GPU ARCHITECTURE},
    organization = {Nvidia},
    year={2020},
    url={https://www.nvidia.com/content/dam/en-zz/Solutions/geforce/ampere/pdf/NVIDIA-ampere-GA102-GPU-Architecture-Whitepaper-V1.pdf},
    urldate={2021-02-22}
}